%%%%%%%%%%%%%%%%%%%%%%%%%%%%%%%%%%%%%%
%%%%             BOOKS            %%%%  
%%%%%%%%%%%%%%%%%%%%%%%%%%%%%%%%%%%%%%

@book{bd1,
  title={Системы управления базами данных. Учебное пособие},
  author={Р. Э. Мамедли},
  year={2021},
  address = {Нижневартовск: Издательство Нижневартовского государственного университета},
  % publisher=,
  note={214 c.}
}


@book{книгапосгрес,
  title={Изучаем PosgreSQL 10},
  author={Джуба, С and Волков, А},
  year={2019},
  address = {Москва: ДМК Пресс},
  % publisher=,
  note={С. 374 --- 392}
}

@book{bd2,
  title={Базы данных. Учебное пособие},
  author={Карпова, Ирина Петровна},
  year={2021},
  address = {СПб.: Издательский дом {\guillemotleft}Питер{\guillemotright}},
  % publisher={Издательский дом "Питер"},
  note={240 c.}
}

@book{головчинер2009базы,
  title={Базы данных: Основные понятия, модели данных, процесс проектирования. Учебное пособие},
  author={Головчинер, Михаил Наумович},
  year={2009},
  address={Томск: Томский государственный университет},
  % publisher={Томский государственный университет},
  note={126 c.}
}

@book{dwh,
  title={DW 2.0: The architecture for the next generation of data warehousing},
  author={Inmon, WHH and Strauss, Derek and Neushloss, Genia},
  year={2010},
  publisher={Amsterdam: Elsevier},
  note={263 p.}
}

@book{мартишин2017базы,
  title={Базы данных. Практическое применение СУБД SQL и NoSQL-типа для проектирования информационных систем},
  author={Мартишин, Сергей Анатольевич and Симонов, Владимир Львович and Храпченко, Марина Валерьевна},
  year={2017},
  publisher={Москва: ИД {\guillemotleft}ФОРУМ{\guillemotright}: ИНФРА-М},
  note={368 с.}
}

@book{кириллов2012введение,
  title={Введение в реляционные базы данных},
  author={Кириллов, Владимир Васильевич},
  year={2012},
  publisher={СПб.: Издательство БХВ},
  note={464 с.}
}

@book{din2014structured,
  title={Structured query language (SQL). A practical Introduction},
  author={Din, Akeel I},
  year={2014},
  publisher={Manchester: NCC Blackwell},
  note={190 p.}
}

@book{becker2015learning,
  title={Learning Azure DocumentDB},
  author={Becker, Riccardo},
  year={2015},
  publisher={Birmingham: Packt Publishing Ltd},
  note={129 p.}
}

%%%%%%%%%%%%%%%%%%%%%%%%%%%%%%%%%%%%%%
%%%%            ARTICLE           %%%%  
%%%%%%%%%%%%%%%%%%%%%%%%%%%%%%%%%%%%%%

@article{important_use_new_ways,
  title={Методика проектирования баз данных для автоматизированных систем управления специального назначения},
  author={Дудаков, Николай Сергеевич and Макаров, Кирилл Владимирович and Тимошенко, Александр Васильевич},
  journal={Труды МАИ},
  number={90},
  pages={25},
  year={2016},
  address={Москва: Федеральное государственное бюджетное образовательное учреждение высшего образования Московский авиационный институт (национальный исследовательский университет)}
}

@article{шарипова2016использовании,
  title={Об использовании NoSQL-хранилищ данных},
  author={Шарипова, НН},
  journal={Восточно-европейский научный журнал},
  volume={9},
  number={3},
  pages={73--76},
  year={2016},
  address={СПб.: Общество с ограниченной ответственностью {\guillemotleft}Логика+{\guillemotright}},
}

@article{кешоптимизация,
  title={Методы оптимизации работы баз данных},
  author={Коновалов, Михаил Дмитриевич, and Турлыкин, Сергей Владимирович},
  journal={НАУКА, ОБЩЕСТВО, ОБРАЗОВАНИЕ В СОВРЕМЕННОМ МИРЕ: сборник
статей II Международной научно-практической конференции},
  % volume={9},
  % number={3},
  pages={40--42},
  year={2023},
  address={Пенза: МЦНС «Наука и
Просвещение»},
}

@article{gallinucci2018schema,
  title={Schema profiling of document-oriented databases},
  author={Gallinucci, Enrico and Golfarelli, Matteo and Rizzi, Stefano},
  journal={Information Systems},
  % volume={75},
  % pages={13--25},
  year={2018},
  address={Amsterdam: Elsevier},
  note={Pp. 13--25}
}

@article{roijackers2012bridging,
  title={Bridging sql and nosql},
  author={Roijackers, John and Fletcher, G},
  journal={Eindhoven University of Technology Department of Mathematics and Computer Science Master’s thesis},
  year={2012},
  address={Eindhoven: Eindhoven University},
  note={101 p.}
}

@article{григорьев2012модель,
  title={Модель обработки запросов в параллельной колоночной системе баз данных},
  author={Григорьев, Юрий Александрович and Ермаков, Евгений Юрьевич},
  journal={Информатика и системы управления},
  number={1},
  pages={3--15},
  year={2012},
  
  address={Благовещенск: Редакционно-издательский отдел Амурского государственного университета}
}

@article{morfonios2007rolap,
  title={ROLAP implementations of the data cube},
  author={Morfonios, Konstantinos},
  journal={ACM Computing Surveys (CSUR)},
  % volume={39},
  % number={4},
  % pages={12},
  year={2007},
  address={New York: ACM},
  note={P. 12}
}

@article{удобныйинтерфейс,
  title={Обзор и сравнение программ для чтения текстовых файлов для ос Android},
  author={Серёженко, Ольга Александровна and Коломойцева, Ирина Александровна},
  journal={Сборник материалов VII Международной научно-технической конференции в рамках II Международного Научного форума Донецкой Народной Республики «Инновационные перспективы Донбасса»},
  pages={207--208},
  year={2016},
  
  address={Донецк: Донецкий национальный технический университет}
}

@article{mvc,
  title={Главные принципы MVC и смысл использования в разработке программных продуктов},
  author={Бахтин И. В.},
  journal={Форум молодых ученых},
  pages={63--65},
  year={2020},
  
  address={Саратов: ООО «Институт управления и социально-экономического развития»}
}

@article{семантическаяошибка,
  title={Лексика в языке программирования},
  author={Алмаш, Ахмад Джавид and Велла (Серова), Наталия Владимировна},
  journal={Студенческая наука как ресурс инновационного потенциала и развития},
  % pages={63--65},
  year={2018},
  
  address={Воронеж: Воронежский государственный университет},
  note={С. 70}
}



%%%%%%%%%%%%%%%%%%%%%%%%%%%%%%%%%%%%%%
%%%%             MISC             %%%%  
%%%%%%%%%%%%%%%%%%%%%%%%%%%%%%%%%%%%%%

@misc{users_internet,
    title="Глобальный обзорный отчет Digital 2022 [Электронный ресурс]",
    howpublished="Режим доступа: \url{https://datareportal.com/reports/digital-2022-global-overview-report} (дата обращения 10.12.2022)"
}

@misc{oltp,
    title="What is OLTP? [Электронный ресурс]",
    howpublished="Режим доступа: \url{https://www.oracle.com/database/what-is-oltp} (дата обращения 10.12.2022)"
}

@misc{olap,
    title="What is OLAP? [Электронный ресурс]",
    howpublished="Режим доступа: \url{https://www.ibm.com/cloud/learn/olap} (дата обращения 10.12.2022)"
}

@misc{tran,
    title="Транзакции (Azure Synapse Analytics) [Электронный ресурс]",
    howpublished="Режим доступа: \url{https://learn.microsoft.com/ru-ru/sql/t-sql/language-elements/transactions-sql-data-warehouse?view=aps-pdw-2016-au7} (дата обращения 10.12.2022)"
}

@misc{oracle,
    title="Oracle [Электронный ресурс]",
    howpublished="Режим доступа: \url{https://www.oracle.com/} (дата обращения 10.12.2022)"
}

@misc{mssql,
    title="MS SQL Server [Электронный ресурс]",
    howpublished="Режим доступа: \url{https://www.microsoft.com/ru-ru/sql-server/sql-server-2019} (дата обращения 10.12.2022)"
}

@misc{postgres,
    title="PostgreSQL [Электронный ресурс]",
    howpublished="Режим доступа: \url{https://www.postgresql.org/} (дата обращения 06.05.2023)"
}

@misc{java,
    title="Java [Электронный ресурс]",
    howpublished="Режим доступа: \url{https://www.java.com/ru/} (дата обращения 06.05.2023)"}

@misc{mysql,
    title="MySQL [Электронный ресурс]",
    howpublished="Режим доступа: \url{https://www.mysql.com/} (дата обращения 10.12.2022)"
}

@misc{firebird,
    title="Firebird [Электронный ресурс]",
    howpublished="Режим доступа: \url{https://www.firebirdsql.org/} (дата обращения 10.12.2022)"
}

@misc{amazon,
    title="Amazon Dynamo DB [Электронный ресурс]",
    howpublished="Режим доступа: \url{https://aws.amazon.com/ru/dynamodb/} (дата обращения 10.12.2022)"
}

@misc{redis,
    title="Redis [Электронный ресурс]",
    howpublished="Режим доступа: \url{https://redis.io/} (дата обращения 10.12.2022)"
}


@misc{bson,
    title="BSON [Электронный ресурс]",
    howpublished="Режим доступа: \url{https://bsonspec.org/} (дата обращения 10.12.2022)"
}

@misc{json,
    title="JSON [Электронный ресурс]",
    howpublished="Режим доступа: \url{https://www.json.org/json-en.html} (дата обращения 10.12.2022)"
}

@misc{mongodb,
    title="MongoDB [Электронный ресурс]",
    howpublished="Режим доступа: \url{https://www.mongodb.com/home} (дата обращения 10.12.2022)"
}

@misc{amazdoc,
    title="Amazon DocumentDB [Электронный ресурс]",
    howpublished="Режим доступа: \url{https://aws.amazon.com/ru/documentdb/} (дата обращения 10.12.2022)"
}

@misc{sybase,
    title="Sybase IQ [Электронный ресурс]",
    howpublished="Режим доступа: \url{https://www.sap.com/products/technology-platform/sybase-iq-big-data-management.html} (дата обращения 10.12.2022)"
}

@misc{vertica,
    title="Vertica [Электронный ресурс]",
    howpublished="Режим доступа: \url{https://vertica.ru/} (дата обращения 10.12.2022)"
}

@misc{clickhouse,
    title="ClickHouse [Электронный ресурс]",
    howpublished="Режим доступа: \url{https://clickhouse.com/} (дата обращения 10.12.2022)"
}

@misc{gog,
    title="Google BigTable [Электронный ресурс]",
    howpublished="Режим доступа: \url{https://cloud.google.com/bigtable} (дата обращения 10.12.2022)"
}

@misc{time_func,
    title="System.currentTimeMillis [Электронный ресурс]",
    howpublished="Режим доступа: \url{https://docs.oracle.com/en/java/javase/17/docs/api/java.base/java/lang/System.html#currentTimeMillis()} (дата обращения 18.05.2023)"
}

@misc{telegram,
    title="Telegram Messenger [Электронный ресурс]",
    howpublished="Режим доступа: \url{https://telegram.org/} (дата обращения 24.05.2023)"
}

@misc{springfram,
    title="Spring Framework [Электронный ресурс]",
    howpublished="Режим доступа: \url{https://spring.io/projects/spring-framework} (дата обращения 25.05.2023)"
}

@misc{infoBright,
    title="InfoBright [Электронный ресурс]",
    howpublished="Режим доступа: \url{https://ru.bmstu.wiki/Infobright_DB} (дата обращения 10.12.2022)"
}

@misc{посгресверсии,
    title="Spring Data JDBC Requirements [Электронный ресурс]",
    howpublished="Режим доступа: \url{https://docs.spring.io/spring-data/jdbc/docs/current/reference/html/#requirements} (дата обращения 25.05.2023)"
}

@misc{jdk,
    title="Java Development Kit [Электронный ресурс]",
    howpublished="Режим доступа: \url{https://www.oracle.com/java/technologies/downloads/} (дата обращения 25.05.2023)"
}

@misc{maven,
    title="Apache Maven [Электронный ресурс]",
    howpublished="Режим доступа: \url{https://maven.apache.org/} (дата обращения 25.05.2023)"
}

@misc{spring-boot-starter-web,
    title="Spring Boot Starter Web [Электронный ресурс]",
    howpublished="Режим доступа: \url{https://mvnrepository.com/artifact/org.springframework.boot/spring-boot-starter-web} (дата обращения 25.05.2023)"
}

@misc{spring-boot-starter-freemarker,
    title="Spring Boot Starter Freemarker [Электронный ресурс]",
    howpublished="Режим доступа: \url{https://mvnrepository.com/artifact/org.springframework.boot/spring-boot-starter-freemarker} (дата обращения 25.05.2023)"
}

@misc{contex,
    title="Spring Context [Электронный ресурс]",
    howpublished="Режим доступа: \url{https://mvnrepository.com/artifact/org.springframework/spring-context} (дата обращения 25.05.2023)"
}

@misc{spring-jdbc,
    title="Spring Data JDBC [Электронный ресурс]",
    howpublished="Режим доступа: \url{https://docs.spring.io/spring-data/jdbc/docs/current/reference/html/} (дата обращения 25.05.2023)"
}

@misc{freemaker,
    title="Apache FreeMarker [Электронный ресурс]",
    howpublished="Режим доступа: \url{https://freemarker.apache.org/} (дата обращения 25.05.2023)"
}

@book{graphdb,
  title={Graph databases: new opportunities for connected data},
  author={Robinson, Ian and Webber, Jim and Eifrem, Emil},
  year={2015},
  publisher={Sebastopol: \guillemotleft{O'Reilly Media, Inc.}\guillemotright},
  note={211 p.}
}

@misc{neo,
    title="Neo4j [Электронный ресурс]",
    howpublished="Режим доступа: \url{https://neo4j.com/} (дата обращения 10.12.2022)"
}

@misc{infiniteGraph,
    title="InfiniteGraph [Электронный ресурс]",
    howpublished="Режим доступа: \url{https://infinitegraph.com/} (дата обращения 10.12.2022)"
}

@misc{amazNep,
    title="Amazon Neptune [Электронный ресурс]",
    howpublished="Режим доступа: \url{https://aws.amazon.com/ru/neptune/} (дата обращения 10.12.2022)"
}

@misc{infoGrid,
    title="InfoGrid [Электронный ресурс]",
    howpublished="Режим доступа: \url{https://www.infogrid.io/} (дата обращения 10.12.2022)"
}

@misc{oracleNo,
    title="Oracle NoSQL [Электронный ресурс]",
    howpublished="Режим доступа: \url{https://www.oracle.com/database/nosql/technologies/nosql/} (дата обращения 06.05.2023)"
}

@misc{oracleCl,
    title="Real Application Clusters [Электронный ресурс]",
    howpublished="Режим доступа: \url{https://www.oracle.com/cis/database/real-application-clusters/} (дата обращения 06.05.2023)"
}


%%%%%%%%%%%%%%%%%%%%%%%%%%%%%%%%%%%%%%
%%%%          INPROCCED           %%%%  
%%%%%%%%%%%%%%%%%%%%%%%%%%%%%%%%%%%%%%

@inproceedings{celocdata,
  title={Ensuring data integrity in storage: Techniques and applications},
  author={Sivathanu, Gopalan and Wright, Charles P and Zadok, Erez},
  booktitle={Proceedings of the 2005 ACM workshop on Storage security and survivability},
  % pages={26--36},
  address={Cambridge: ACM},
  year={2005},
  note={Pp. 26--36}
}

@inproceedings{scalability,
  title={Database scalability, elasticity, and autonomy in the cloud},
  author={Agrawal, Divyakant and Abbadi, Amr El and Das, Sudipto and Elmore, Aaron J},
  booktitle={International Conference on Database Systems for Advanced Applications},
  % pages={2--15},
  year={2011},
  address={Cham: Springer},
  note={Pp. 2--15}
}

@inproceedings{sridhar2014optimizing,
  title={Optimizing database load and extract for big data era},
  author={Sridhar, KT and Sakkeer, MA},
  booktitle={International Conference on Database Systems for Advanced Applications},
  % pages={503--512},
  year={2014},
  address={Cham: Springer},
  note={Pp. 503--512}
}

@inproceedings{кудухов2014особенности,
  title={Особенности кэширования данных в информационных системах},
  author={Кудухов, А. Н.},
  booktitle={Наука, Техника, Инновации 2014},
  pages={226--232},
  year={2014},
  address={Брянск: Общество с ограниченной ответственностью \guillemotleftНадежные машины\guillemotright}
}


@inproceedings{he2008relational,
  title={Relational databases for querying XML documents: Limitations and opportunities},
  author={He, Jayavel  and Naughton, Chun },
  booktitle={Proceedings of VLDB},
  % pages={302--314},
  address={Amsterdam: Elsevier},
  year={2008},
  note={Pp. 302--314}
}

