%%%%%%%%%%%%%%%%%%%%%%%%%%%%%%%%%%%%%%
%%%%            BOOK              %%%%
%%%%%%%%%%%%%%%%%%%%%%%%%%%%%%%%%%%%%%

@book{
	unix1,
	author="Ю. Вахалия",
	title="Unix изнутри",
	address="СПб.: Питер", 
        year={2003},
	note={C. 188}
}

@book{
	unix2,
	author="Ю. Вахалия",
	title="Unix изнутри",
	address="СПб.: Питер", 
        year={2003},
	note={C. 189}
}

@book{
	unix3,
	author="Ю. Вахалия",
	title="Unix изнутри",
	address="СПб.: Питер", 
        year={2003},
	note={C. 186}
}

@book{
	unix4,
	author="Ю. Вахалия",
	title="Unix изнутри",
	address="СПб.: Питер", 
        year={2003},
	note={C. 191}
}

@book{
	unix5,
	author="Ю. Вахалия",
	title="Unix изнутри",
	address="СПб.: Питер", 
        year={2003},
	note={C. 194-196}
}

@book{
	unix6,
	author="Ю. Вахалия",
	title="Unix изнутри",
	address="СПб.: Питер", 
        year={2003},
	note={C. 82}
}

@book{
	win1,
	author="М. Руссинович and Д. Соломон",
	title="Внутреннее устройство Microsoft Windows",
	address="СПб.: Питер",
        year={2013},
	note={C. 131}
}

@book{
	win2,
	author="М. Руссинович and Д. Соломон",
	title="Внутреннее устройство Microsoft Windows",
	address="СПб.: Питер",
        year={2013},
	note={C. 104}
}


@book{
	win3,
	author="М. Руссинович and Д. Соломон",
	title="Внутреннее устройство Microsoft Windows",
	address="СПб.: Питер",
        year={2013},
	note={C. 94}
}

@book{
	win4,
	author="М. Руссинович and Д. Соломон",
	title="Внутреннее устройство Microsoft Windows",
	address="СПб.: Питер",
        year={2013},
	note={C. 477}
}

@book{
	win5,
	author="М. Руссинович and Д. Соломон",
	title="Внутреннее устройство Microsoft Windows",
	address="СПб.: Питер",
        year={2013},
	note={C. 35}
}

@book{
	win6,
	author="М. Руссинович and Д. Соломон",
	title="Внутреннее устройство Microsoft Windows",
	address="СПб.: Питер",
        year={2013},
	note={C. 476-479}
}

@book{
	win7,
	author="М. Руссинович and Д. Соломон",
	title="Внутреннее устройство Microsoft Windows",
	address="СПб.: Питер",
        year={2013},
	note={C. 500-504}
}

@book{
	win8,
	author="М. Руссинович and Д. Соломон",
	title="Внутреннее устройство Microsoft Windows",
	address="СПб.: Питер",
        year={2013},
	note={C. 510}
}

@book{
	win9,
	author="М. Руссинович and Д. Соломон",
	title="Внутреннее устройство Microsoft Windows",
	address="СПб.: Питер",
        year={2013},
	note={C. 517}
}

@book{
	win10,
	author="М. Руссинович and Д. Соломон",
	title="Внутреннее устройство Microsoft Windows",
	address="СПб.: Питер",
        year={2013},
	note={C. 111}
}




@book{
	unixR,
	author="А. М. Робачевский",
	title="Операционная система Unix",
	address="СПб.: БХВ-Петербург",
        year={2002},
	note={C. 224}
}


@book{
	cospect,
	author="Н. Ю. Рязанова",
	title="Лекции по курсу \guillemotleftОперационные системы\guillemotright",
        address="МГТУ им. Н. Э. Баумана",
        year={2022},
}

%%%%%%%%%%%%%%%%%%%%%%%%%%%%%%%%%%%%%%
%%%%            MISC              %%%%
%%%%%%%%%%%%%%%%%%%%%%%%%%%%%%%%%%%%%%


@misc{swapper,
    title="Управление памятью на основе свопинга [Электронный ресурс]",
    howpublished="Режим доступа: \url{https://studfile.net/preview/1640882/page:18/} (дата обращения 10.12.2022)"
}

@misc{pagedaemon,
    title="Управление процессами [Электронный ресурс]",
    howpublished="Режим доступа: \url{https://studfile.net/preview/1175400/page:28/} (дата обращения 11.12.2022)"
}

@misc{timer,
    title="Использование таймеров [Электронный ресурс]",
    howpublished="Режим доступа: \url{https://habr.com/ru/company/ruvds/blog/512868/} (дата обращения 11.12.2022)"
}

@misc{plan,
    title="Организация планирования в Unix [Электронный ресурс]",
    howpublished="Режим доступа: \url{https://studfile.net/preview/9792843/page:8/} (дата обращения 11.12.2022)"
}

@misc{prof,
    title="Профилирование и трассировка ядра [Электронный ресурс]",
    howpublished="Режим доступа: \url{https://habr.com/ru/company/selectel/blog/280322/} (дата обращения 11.12.2022)"
}

@misc{disp,
    title="Планирование и диспетчеризация потоков [Электронный ресурс]",
    howpublished="Режим доступа: \url{https://studfile.net/preview/4001841/page:5/} (дата обращения 11.12.2022)"
}